@misc{USDoTData,
  title = {{Bureau of Transportation Statistics US Airways August 2012 Data}},
  howpublished = {\url{http://apps.bts.gov/xml/ontimesummarystatistics/src/dstat/OntimeSummaryDepatures.xml}},
  note = {Accessed: 2013-09-11}
}